%% Saved with string encoding Unicode (UTF-8) 
@inproceedings{Dosovitskiy17,
  title = { {CARLA}: {An} Open Urban Driving Simulator},
  author = {Alexey Dosovitskiy and German Ros and Felipe Codevilla and Antonio Lopez and Vladlen Koltun},
  booktitle = {Proceedings of the 1st Annual Conference on Robot Learning},
  pages = {1--16},
  year = {2017}
}

@article{semantic_article,
  author            = {Maxim Tatarchenko and Jaesik Park and Vladlen Koltun and Qian-Yi Zhou},
  title             = {Tangent Convolutions for Dense Prediction in 3D},
  year              = {2018},
  url               = {http://vladlen.info/papers/tangent-convolutions.pdf},
  urlaccessdate     = {12 ago. 2018}
} 

@inproceedings{Vass2003ApplyingAR,
    title           = {Applying and removing lens distortion in post production},
    author          = {Gergely Vass},
    year            = {2003},
    organization    = {The Second Hungarian Conference on Computer Graphics and Geometry},
    location        = {Budapest},
    url             = {http://www.vassg.hu/pdf/vass_gg_2003_lo.pdf},
    urlaccessdate   = {22 set. 2018}
}

@inproceedings{lensRef,
    title           = {Lens Distortion Correction Using Ideal Image Coordinates},
    author          = {Junhee Park and Seong-Chan Byun and Byung-Uk Lee},
    year            = {2009},
    organization    = {Consumer Electronics},
    location        = {Budapest},
    url             = {https://www.researchgate.net/publication/224599781_Lens_Distortion_Correction_Using_Ideal_Image_Coordinates},
    urlaccessdate   = {22 out. 2018}
}

@online{openCVCalibration,
	title           = {Camera Calibration and 3D Reconstruction},
	author          = {OpenCV},
	year            = {2018},
	url             = {https://docs.opencv.org/2.4/modules/calib3d/doc/camera_calibration_and_3d_reconstruction.html},
	urlaccessdate   = {03 set. 2018}
}


@online{epipolarDispNat,
	title           = {Obtenção da disparidade e dos mapas de profundidade em vídeos 3D},
	author          = {Nathália Alves Rocha Batista and Carlos Danilo Miranda Regis},
	year            = {2013},
	url             = {http://periodicos.ifpb.edu.br/index.php/principia/article/viewFile/113/88},
	urlaccessdate   = {03 set. 2018}
}

@online{cameraCalibration1,
	title           = {Interface com computador por Controlo Visual de Cursores},
	author          = {Rui Meireles},
	year            = {2002},
	url             = {https://paginas.fe.up.pt/~ee97107/Relatorio_de_Projecto_FINAL_PARTE_2.pdf},
	urlaccessdate   = {03 set. 2018}
}

@article{Geiger2013IJRR,
  author            = {Andreas Geiger and Philip Lenz and Christoph Stiller and Raquel Urtasun},
  title             = {Vision meets Robotics: The KITTI Dataset},
  journal           = {International Journal of Robotics Research (IJRR)},
  year              = {2013},
  url               = {http://www.cvlibs.net/publications/Geiger2013IJRR.pdf},
  urlaccessdate     = {03 abr. 2017}
} 

@article{ErrosCalibracao,
  author            = {Hugo Mazon and Giancarlo Philippi Zacchi and Ricardo Martins},
  title             = {Calibração de câmeras e fontes de erros para triangulação fotogramétrica},
  journal           = {Anais XV Simpósio Brasileiro de Sensoriamento Remoto - SBSR},
  year              = {2011},
  url               = {http://marte.sid.inpe.br/col/dpi.inpe.br/marte/2011/07.29.19.16/doc/p1602.pdf},
  urlaccessdate     = {07 out. 2018}
} 

@online{pointCloud_ex,
	title           = {Visualização e Reconstrução para Nuvem de
Pontos},
	author          = {Alexandre Marangoni Costa and Sinésio Pesco},
	year            = {2009},
	url             = {http://www.puc-rio.br/pibic/relatorio_resumo2009/relatorio/mat/alexandre.pdf},
	urlaccessdate   = {12 out. 2018}
}

@online{SSD_teste,
	title           = {Stereo and 3D Vision},
	author          = {Rajesh Rao},
	year            = {2009},
	url             = {https://courses.cs.washington.edu/courses/cse455/09wi/Lects/lect16.pdf},
	urlaccessdate   = {03 set. 2018}
}

@online{cameraCalibration2,
	title           = {Toolbox de Calibração de Câmaras para Matlab},
	author          = {Maria Cândida F. S. P. Coelho and João Manuel R. S. Tavares},
	year            = {2003},
	url             = {https://web.fe.up.pt/~tavares/downloads/publications/relatorios/Relatorio_toolbox.pdf},
	urlaccessdate   = {03 set. 2018}
}

@phdthesis{giovaniThesis,
    title           = {Urban Environment Perception and Navigation using Robotic Vision},
    subtitle        = {Conception and implementation applied to autonomous vehicle},
    author          = {Giovani Bernardes Vitor},
    year            = {2014},
    institution     = {Université de Technologie Compiègne}
}

@mastersthesis{geometriaEpipolarLeonardo,
    title           = {Aproximação Planar por Partes Para Reconstrução 3D Densa},
    author          = {Leonardo de Assis Silva},
    year            = {2016},
    institution     = {Universidade Federal de Espírito Santo},
    url             = {http://repositorio.ufes.br/jspui/handle/10/9558},
    urlaccessdate   = {22 set. 2018}
}

%% Example of citing an chapter author that is different from the book author (editor). Use "incollection" instead of "inbook"

@incollection{llopis-game-engine-gems-2,
    title       = {High-Performance Programming with Data-Oriented Design},
    booktitle   = {Game Engine Gems 2},
    author      = {Noel Llopis},
    editor      = {Eric Lengyel},
    chapter     = {15},
    pages       = {251-261},
    year        = {2011},
    publisher   = {A K Peters},
    address     = {Natick}
}

@online{rajive-joshi-data-oriented-architecture,
    title           = {Data-Oriented Architecture},
    subtitle        = {A Loosely-Coupled Real-Time SOA},
    author          = {Rajive Joshi},
    year            = {2007},
    publisher       = {Real-Time Innovations Inc},
    url             = {http://rtcgroup.com/whitepapers/files/RTI_DataOrientedArchitecture_WhitePaper.pdf},
    urlaccessdate   = {22 set. 2018}
}

@online{dice-data-oriented-design,
    title           = {Introduction to Data-Oriented Design},
    author          = {Daniel Collin},
    year            = {2010},
    publisher       = {Electronic Arts / DICE},
    url             = {http://www.slideshare.net/DICEStudio/introduction-to-data-oriented-design},
	urlaccessdate   = {22 set. 2018}
}

@online{llopis-gamesfromwithin,
    title           = {Data-Oriented Design (Or Why You Might Be Shooting Yourself in The Foot With OOP)},
    author          = {Noel Llopis},
    year            = {2009},
    publisher       = {gamesfromwithin},
    url             = {http://gamesfromwithin.com/data-oriented-design},
	urlaccessdate   = {22 set. 2018}
}

@inbook{halliday-Mass-Center,
    abnt-6023-2000-section  = {7.3.2-3},
    title                   = {Centro de Massa e Momento Linear},
    booktitle               = {Fundamentos da Física},
    author                  = {David Halliday and Robert Resnick and Jearl Walker},
    chapter                 = {9},
    pages                   = {218-221},
    year                    = {2009},
    edition                 = {8},
    publisher               = {LTC - Livros Técnicos e Científicos Editora S.A.},
    address                 = {Rio de Janeiro},
    translator              = {Ronaldo Sérgio de Biasi},
    origlanguage            = {english},
    language                = {portuguese}
}

@online{leonard-thief-postmortem,
    title           = {Postmortem: Thief},
    subtitle        = {The Dark Project},
    author          = {Tom Leonard},
    year            = {1999},
    publisher       = {Gamasutra},
    url             = {http://www.gamasutra.com/view/feature/131762/postmortem_thief_the_dark_project.php?page=1},
	urlaccessdate   = {22 set. 2018}
}

@inbook{estatistic-douglas,
    title       = {Mean and variance of a discrete random variable},
    booktitle   = {Applied Statistics and Probability for Engineers},
    author      = {Douglas C. Montgomery and George C. Runger},
    chapter     = {3.4},
    pages       = {74-76},
    year        = {2011},
    edition     = {5},
    publisher   = {John Wiley and Sons},
    address     = {Hoboken}
}

@online{johansson-ecs-unity-gdc-2018,
    title           = {Job System & Entity Component System (Presented by Unity Technologies)},
    author          = {Tim Johansson},
    year            = {2018},
    publisher       = {Game Developers Conference (GCD)},
    url             = {http://schedule.gdconf.com/session/job-system-entity-component-system-presented-by-unity-technologies/856383},
	urlaccessdate   = {22 set. 2018}
}

@book{computer-architecture-a-quantitative-approach-6ed,
    title       = {Computer Architecture: A Quantitative Approach},
    edition     = {6},
    author      = {John L. Hennessy and David A. Patterson},
    year        = {2017},
    publisher   = {Morgan Kaufmann},
    address     = {Cambridge}
}

@online{opengl-official,
    title           = {OpenGL},
    url             = {https://www.opengl.org/},
    urlaccessdate   = {11 ago. 2017}
}

@online{opengl-thebook,
    title           = {OpenGLBook.com},
    author          = {Eddy Luten},
    year            = {2014},
    url             = {http://openglbook.com/},
    urlaccessdate   = {11 ago. 2017}
}

@online{news-opengl-mantainers-khronos,
    title           = {OpenGL ARB to Pass Control of OpenGL Specification to Khronos Group},
    author          = {Khronos Group},
    year            = {2006},
    url             = {https://www.khronos.org/news/press/opengl_arb_to_pass_control_of_opengl_specification_to_khronos_group},
    urlaccessdate   = {11 ago. 2017}
}

@online{albrecht-latency-elephant,
    title           = {The Latency Elephant},
    author          = {Tony Albrecht},
    year            = {2009},
    url             = {http://seven-degrees-of-freedom.blogspot.com/2009/10/latency-elephant.html},
    urlaccessdate   = {23 set. 2018}
}

@online{zoox-unreal-siggraph-2017,
    title           = {Simulation for Autonomous Driving - Zoox},
    author          = {Tim Kentley-Klay},
    year            = {2017},
    url             = {https://youtu.be/otmxoK4lCNw?t=23m14s},
    urlaccessdate   = {31 ago. 2017}
}

@online{zoox-fully-autonomous-driving,
    title           = {Zoox Fully Autonomous Driving},
    author          = {Zoox},
    year            = {2018},
    url             = {https://www.youtube.com/watch?v=868tExoVdQw},
    urlaccessdate   = {02 ago. 2018}
}

@online{zoox-youtube-channel,
    title           = {Zoox Youtube Channel},
    author          = {Zoox},
    year            = {2018},
    url             = {https://www.youtube.com/channel/UCh5q-FtihPqzTbgEkZQRy3g/videos},
    urlaccessdate   = {02 ago. 2018}
}

@online{zoox-official-website,
    title           = {Zoox Official Website},
    author          = {Zoox},
    year            = {2014},
    url             = {https://zoox.com/},
    urlaccessdate   = {31 ago. 2017}
}

@online{zoox-linkedin,
    title           = {Zoox LinkedIn Page},
    author          = {Zoox},
    year            = {2014},
    url             = {https://www.linkedin.com/company/zoox-inc/},
    urlaccessdate   = {02 ago. 2018}
}

@book{object-oriented-modeling-and-design,
    title       = {Object-Oriented Modeling and Design},
    edition     = {1st},
    author      = {James Rumbaugh and Michael Blaha and William Premerlan and Frederick Eddy and William Lorensen},
    year        = {1991},
    publisher   = {Prentice Hall},
    address     = {New Jersey}
}

@online{house-entity-component-explanation-stack,
    title           = {"Explanation of a way to represent and implement entity component systems"},
    author          = {Michael House},
    year            = {2012},
    url             = {https://gamedev.stackexchange.com/questions/31473/what-is-the-role-of-systems-in-a-component-based-entity-architecture},
    urlaccessdate   = {01 set. 2017}
}

@online{albrecht-pitfalls-OOP-GCAP09,
    title           = {Pitfalls of Object Oriented Programming},
    author          = {Tony Albrecht},
    year            = {2009},
    url             = {http://harmful.cat-v.org/software/OO_programming/_pdf/Pitfalls_of_Object_Oriented_Programming_GCAP_09.pdf},
    urlaccessdate   = {23 set. 2017}
}

@online{carla-official-website,
    title           = {Carla Official Website},
    author          = {CARLA},
    year            = {2017},
    url             = {http://carla.org/},
    urlaccessdate   = {31 ago. 2018}
}

@online{robsic-video-giovani,
    title           = {Veículo Elétrico Autônomo - RobSIC/UNIFEI},
    author          = {Giovani Bernardes Vitor},
    year            = {2018},
    url             = {https://www.youtube.com/watch?v=KEsyphLC4Hw},
    urlaccessdate   = {25 nov. 2018}
}

@article{toyota-depth,
  author            = {Sudeep Pillai and Rares Ambrus and Adrien Gaidon},
  title             = {SuperDepth: Self-Supervised, Super-Resolved Monocular Depth Estimation},
  year              = {2018},
  url               = {https://arxiv.org/pdf/1810.01849.pdf},
  urlaccessdate     = {12 ago. 2018}
} 

%% performance-gap-processor-memory-book-computer-architecture

%% https://www.danielsefton.com/2016/05/developing-a-data-oriented-game-engine-part-1/

%% http://seven-degrees-of-freedom.blogspot.com/2009/10/latency-elephant.html

%% explanation entity component system
%% https://gamedev.stackexchange.com/questions/31473/what-is-the-role-of-systems-in-a-component-based-entity-architecture